@article{chollet2017xception,
  title={Xception: Deep learning with depthwise separable convolutions},
  author={Chollet, Fran{\c{c}}ois},
  journal={arXiv preprint},
  pages={1610--02357},
  year={2017}
}

